@article{jalil2016rancang,
    title={Rancang Bangun Robot Humanoid},
    author={Jalil, Abdul},
    journal={Proceeding, Konferensi Nasional Ilmu Komputer (KONIK APTIKOM), ISSN},
    pages={2338--2899},
    year={2016}
}

@article{mehta2017vnect,
  title={Vnect: Real-time 3d human pose estimation with a single rgb camera},
  author={Mehta, Dushyant and Sridhar, Srinath and Sotnychenko, Oleksandr and Rhodin, Helge and Shafiei, Mohammad and Seidel, Hans-Peter and Xu, Weipeng and Casas, Dan and Theobalt, Christian},
  journal={Acm transactions on graphics (tog)},
  volume={36},
  number={4},
  pages={1--14},
  year={2017},
  publisher={ACM New York, NY, USA}
}

@inproceedings{sun2019deep,
  title={Deep high-resolution representation learning for human pose estimation},
  author={Sun, Ke and Xiao, Bin and Liu, Dong and Wang, Jingdong},
  booktitle={Proceedings of the IEEE/CVF conference on computer vision and pattern recognition},
  pages={5693--5703},
  year={2019}
}

@inproceedings{mehraban2024motionagformer,
  title={Motionagformer: Enhancing 3d human pose estimation with a transformer-gcnformer network},
  author={Mehraban, Soroush and Adeli, Vida and Taati, Babak},
  booktitle={Proceedings of the IEEE/CVF Winter Conference on Applications of Computer Vision},
  pages={6920--6930},
  year={2024}
}

@inproceedings{song2024mixed,
  title={Mixed Reality Interface for Whole-Body Balancing and Manipulation of Humanoid Robot},
  author={Song, Hyunjong and Bronfman, Gabriel and Zhang, Yunxiang and Sun, Qi and Kim, Joo H},
  booktitle={2024 21st International Conference on Ubiquitous Robots (UR)},
  pages={642--647},
  year={2024},
  organization={IEEE}
}

@article{ahmad2017mengenal,
  title={Mengenal artificial intelligence, machine learning, neural network, dan deep learning},
  author={Ahmad, Abu},
  journal={J. Teknol. Indones., no. October},
  volume={3},
  year={2017}
}

@article{cholissodin2020ai,
  title={AI, machine learning and deep learning},
  author={Cholissodin, Imam and Sutrisno, S and Soebroto, AA and Hasanah, U and Febiola, YI},
  journal={Fakultas Ilmu Komputer, Universitas Brawijaya, Malang},
  year={2020}
}

@misc{marpaung2022computer,
  title={Computer Vision Dan Pengolahan Citra Digital},
  author={Marpaung, Faridawaty and Aulia, Fitrahuda and Nabila, Rinjani Cyra and others},
  year={2022},
  publisher={PUSTAKA AKSARA}
}

@article{kim2023human,
  title={Human pose estimation using mediapipe pose and optimization method based on a humanoid model},
  author={Kim, Jong-Wook and Choi, Jin-Young and Ha, Eun-Ju and Choi, Jae-Ho},
  journal={Applied sciences},
  volume={13},
  number={4},
  pages={2700},
  year={2023},
  publisher={MDPI}
}

@inproceedings{damar2023football,
  title={Football Humanoid Goalkeeper Robot Movement System Using Optimization of Head Movements},
  author={Damar, Sholich Ibnu and Firdaus, Muhammad Raihan and Hamdi, Naufal and Firmansyah, Rizal Cahya and Sendari, Siti and Mahandi, Yogi Dwi and Zaeni, Ilham Ari Elbaith},
  booktitle={2023 8th International Conference on Electrical, Electronics and Information Engineering (ICEEIE)},
  pages={1--6},
  year={2023},
  organization={IEEE}
}

@article{xu2022vitpose,
  title={Vitpose: Simple vision transformer baselines for human pose estimation},
  author={Xu, Yufei and Zhang, Jing and Zhang, Qiming and Tao, Dacheng},
  journal={Advances in Neural Information Processing Systems},
  volume={35},
  pages={38571--38584},
  year={2022}
}

@article{vaswani2017attention,
  title={Attention Is All You Need.(Nips), 2017},
  author={Vaswani, Ashish and Shazeer, Noam and Parmar, Niki and Uszkoreit, Jakob and Jones, Llion and Gomez, Aidan N and Kaiser, Lukasz and Polosukhin, Illia},
  journal={arXiv preprint arXiv:1706.03762},
  volume={10},
  pages={S0140525X16001837},
  year={2017}
}


@article{agustian2021robot,
  title={Robot manipulator control with inverse kinematics PD-pseudoinverse Jacobian and forward kinematics Denavit Hartenberg},
  author={Agustian, Indra and Daratha, Novalio and Faurina, Ruvita and Suandi, Agus and others},
  journal={arXiv preprint arXiv:2103.10461},
  year={2021}
}

@article{sa2024pengembangan,
  title={Pengembangan Kontrol Robot Mobil dengan Kerangka Kerja Robot Operating System},
  author={Dhimas, Wea Aqil and Santoso, Kukuh Setyadjit and Hartayu, Ratna},
  journal={Elsains: Jurnal Elektro},
  year={2024}
}

@article{listiani2024pemanfaatan,
  title={PEMANFAATAN ESTIMASI POSE GERAK PADA PENARI TRANCE DALAM RITUAL ADAT NGALAKSA},
  author={Listiani, Wanda and Rohaeni, Ai Juju},
  journal={Jurnal Budaya Nusantara},
  volume={6},
  number={3},
  pages={365--371},
  year={2024}
}

@INPROCEEDINGS{10327198,
  author={Meng, Shuyu and Qiu, Suo and Liang, Tianhao and Ren, Qinyuan},
  booktitle={2023 35th Chinese Control and Decision Conference (CCDC)}, 
  title={Motion Imitation of a Humanoid Robot via Pose Estimation}, 
  year={2023},
  volume={},
  number={},
  pages={1526-1532},
  keywords={Robot motion;Three-dimensional displays;Robot kinematics;Pose estimation;Humanoid robots;Process control;Robot sensing systems;Sparse tensor;3D human pose estimation;Motion imitation;Humanoid robot;Point cloud pruning},
  doi={10.1109/CCDC58219.2023.10327198}}

@misc{robotisop3manual,
    title = {ROBOTIS OP3 E-Manual},
    author = {Robotis},
    year = {2025},
    url = {https://emanual.robotis.com/docs/en/platform/op3/quick_start/},
    note = {Diakses pada 13 Januari 2025}
}

@inproceedings{NIPS2012_c399862d,
 author = {Krizhevsky, Alex and Sutskever, Ilya and Hinton, Geoffrey E},
 booktitle = {Advances in Neural Information Processing Systems},
 editor = {F. Pereira and C.J. Burges and L. Bottou and K.Q. Weinberger},
 publisher = {Curran Associates, Inc.},
 title = {ImageNet Classification with Deep Convolutional Neural Networks},
 url = {https://proceedings.neurips.cc/paper_files/paper/2012/file/c399862d3b9d6b76c8436e924a68c45b-Paper.pdf},
 volume = {25},
 year = {2012}
}

@inproceedings{he2016deep,
  title={Deep residual learning for image recognition},
  author={He, Kaiming and Zhang, Xiangyu and Ren, Shaoqing and Sun, Jian},
  booktitle={Proceedings of the IEEE conference on computer vision and pattern recognition},
  pages={770--778},
  year={2016}
}

@article{WANG2021103225,
title = {Deep 3D human pose estimation: A review},
journal = {Computer Vision and Image Understanding},
volume = {210},
pages = {103225},
year = {2021},
issn = {1077-3142},
doi = {https://doi.org/10.1016/j.cviu.2021.103225},
url = {https://www.sciencedirect.com/science/article/pii/S1077314221000692},
author = {Jinbao Wang and Shujie Tan and Xiantong Zhen and Shuo Xu and Feng Zheng and Zhenyu He and Ling Shao},
keywords = {3D Human Pose Estimation, Deep Learning},
}

@article{ionescu2013human3,
  title={Human3. 6m: Large scale datasets and predictive methods for 3d human sensing in natural environments},
  author={Ionescu, Catalin and Papava, Dragos and Olaru, Vlad and Sminchisescu, Cristian},
  journal={IEEE transactions on pattern analysis and machine intelligence},
  volume={36},
  number={7},
  pages={1325--1339},
  year={2013},
  publisher={IEEE}
}

@inproceedings{imania2023identifikasi,
  title={Identifikasi Frekuensi Musik pada Robot Humanoid Seni Tari untuk Penyelaras Gerak Tarian Menggunakan Metode K-Nearest Neighbor},
  author={Imania, Anis and Subur, Joko and Taufiqurrohman, Muhammad and Thaha, Suryadhi},
  booktitle={Seminar Nasional Teknik Elektro},
  year={2023}
}

@inproceedings{zeng2022deciwatch,
  title={Deciwatch: A simple baseline for 10$\times$ efficient 2d and 3d pose estimation},
  author={Zeng, Ailing and Ju, Xuan and Yang, Lei and Gao, Ruiyuan and Zhu, Xizhou and Dai, Bo and Xu, Qiang},
  booktitle={European Conference on Computer Vision},
  pages={607--624},
  year={2022},
  organization={Springer}
}

@inproceedings{li2021ai,
  title={Ai choreographer: Music conditioned 3d dance generation with aist++},
  author={Li, Ruilong and Yang, Shan and Ross, David A and Kanazawa, Angjoo},
  booktitle={Proceedings of the IEEE/CVF International Conference on Computer Vision},
  pages={13401--13412},
  year={2021}
}

@article{Sarandi2021metrabs,
    title = {{MeTRAbs:} Metric-Scale Truncation-Robust Heatmaps for Absolute {3D} Human Pose Estimation},
    author = {S\'ar\'andi, Istv\'an and Linder, Timm and Arras, Kai O. and Leibe, Bastian},
    journal = {IEEE Transactions on Biometrics, Behavior, and Identity Science (T-BIOM)},
    volume = {3},
    number = {1},
    pages = {16--30},
    year = {2021}
}

@article{robust2017imitation,
author = {Zhu, Tehao and Qunfei, Zhao and Wan, Weibing and Xia, Zeyang},
year = {2017},
month = {11},
pages = {1-21},
title = {Robust Regression-Based Motion Perception for Online Imitation on Humanoid Robot},
volume = {9},
journal = {International Journal of Social Robotics},
doi = {10.1007/s12369-017-0416-9}
}

@article{trigono2008maharaj,
author = {Maharaj, Aneshkumar},
year = {2008},
month = {08},
pages = {401-414},
title = {Some insights from research literature for teaching and learning mathematics},
volume = {28},
journal = {South African Journal of Education},
doi = {10.15700/saje.v28n3a182}
}

@article{palazzolo1976rotation,
  author    = {Palazzolo, A.~B.},
  title     = {Formalism for the Rotation Matrix of Rotations About an Arbitrary Axis},
  journal   = {Classical Mechanics},
  year      = {1976},
  note      = {Derives 3×3 axis‑angle rotation matrix}
}

@manual{robotis_dynamixel,
  title = {DYNAMIXEL Overview},
  author = {Robotis},
  year = {2023},
  url = {https://emanual.robotis.com/docs/en/dxl/},
  note = {Diakses pada Juli 2025}
}

@manual{robotis_manual,
  title = {DYNAMIXEL Protocol 2.0},
  author = {Robotis},
  year = {2023},
  url = {https://emanual.robotis.com/docs/en/dxl/protocol2/},
  note = {Diakses pada Juli 2025}
}

@manual{robotis_sdk,
  title = {DYNAMIXEL SDK},
  author = {Robotis},
  year = {2023},
  url = {https://emanual.robotis.com/docs/en/software/dynamixel/dynamixel_sdk/overview/},
  note = {Diakses pada Juli 2025}
}

@manual{robotis_op3,
  title = {ROBOTIS-OP3 e-Manual},
  author = {Robotis},
  year = {2023},
  url = {https://emanual.robotis.com/docs/en/platform/op3/specifications/},
  note = {Diakses pada Juli 2025}
}
